<record><leader>00000cas a22000007a 4500</leader><controlfield tag="001">10341372</controlfield><controlfield tag="008">840126d18391840meuwr ne      0   a0eng d</controlfield><datafield ind1=" " ind2=" " tag="010"><subfield code="a">sn 84025725 </subfield></datafield><datafield ind1=" " ind2=" " tag="040"><subfield code="a">NPV</subfield><subfield code="b">eng</subfield><subfield code="c">NPV</subfield><subfield code="d">NPX</subfield><subfield code="d">NPU</subfield><subfield code="d">YOX</subfield><subfield code="d">MBN</subfield><subfield code="d">OCL</subfield><subfield code="d">OCLCG</subfield><subfield code="d">OCLCQ</subfield><subfield code="d">OCLCF</subfield><subfield code="d">OCLCO</subfield></datafield><datafield ind1=" " ind2=" " tag="042"><subfield code="a">msc</subfield></datafield><datafield ind1=" " ind2=" " tag="043"><subfield code="a">n-us-me</subfield></datafield><datafield ind1=" " ind2=" " tag="045"><subfield code="a">w3w5</subfield></datafield><datafield ind1=" " ind2=" " tag="052"><subfield code="a">3733</subfield><subfield code="b">K4</subfield></datafield><datafield ind1="0" ind2="0" tag="245"><subfield code="a">Maine cultivator and weekly gazette.</subfield></datafield><datafield ind1=" " ind2=" " tag="260"><subfield code="a">Hallowell, Me. :</subfield><subfield code="b">Thomas W. Newman,</subfield><subfield code="c">1839-1840.</subfield></datafield><datafield ind1=" " ind2=" " tag="300"><subfield code="a">v.</subfield></datafield><datafield ind1=" " ind2=" " tag="310"><subfield code="a">Weekly</subfield></datafield><datafield ind1="0" ind2=" " tag="362"><subfield code="a">Vol. 1, no. 1 (Sept. 28, 1839)-v. 2, no. 2 (Oct. 3, 1840).</subfield></datafield><datafield ind1=" " ind2=" " tag="500"><subfield code="a">Editor: W.A. Drew.</subfield></datafield><datafield ind1=" " ind2=" " tag="500"><subfield code="a">Illustrations, July 18, 1840: Revolving horse rake; Woodford's grain cradles.</subfield></datafield><datafield ind1=" " ind2="0" tag="651"><subfield code="a">Hallowell (Me.)</subfield><subfield code="v">Newspapers.</subfield></datafield><datafield ind1=" " ind2="7" tag="655"><subfield code="a">Newspapers.</subfield><subfield code="2">fast</subfield><subfield code="0">(OCoLC)fst01423814</subfield></datafield><datafield ind1=" " ind2="7" tag="651"><subfield code="a">Maine</subfield><subfield code="z">Hallowell.</subfield><subfield code="2">fast</subfield><subfield code="0">(OCoLC)fst01229888</subfield></datafield><datafield ind1="1" ind2=" " tag="700"><subfield code="a">Drew, William Allen,</subfield><subfield code="d">1798-1879.</subfield></datafield><datafield ind1=" " ind2=" " tag="752"><subfield code="a">United States</subfield><subfield code="b">Maine</subfield><subfield code="c">Kennebec</subfield><subfield code="d">Hallowell.</subfield></datafield><datafield ind1="0" ind2="0" tag="780"><subfield code="t">Maine cultivator</subfield><subfield code="w">(DLC)sn 84022352</subfield></datafield><datafield ind1="0" ind2="0" tag="785"><subfield code="t">Maine cultivator and Hallowell weekly gazette</subfield><subfield code="w">(DLC)sn 84022353</subfield></datafield></record>